@article{artykul:12,
  author    = {Autor Artyku³u},
  title     = {Tytu³ artyku³u},
  journal   = {Wydawnictwo},
  volume    = {35},
  number    = {4},
  year      = {2012},
  pages     = {813-825}
 }
@misc{pozostale:12,
 author		= {Autor Pozosta³e},
 title		= {Tytu³ Pozosta³e},
 year			= {2012}
}

@book{Osuchowska:1998,
 author		= {Barbara Osuchowska},
 title 		= {Poradnik redaktora i autora. Nauki œcis³e i technika},
 year 		= {1988},
 address		= {Warszawa},
 publisher 	= {Wydawnictwo Polskiego Towarzystwa Wydawców Ksi¹¿ek}
}
@manual{latex:2007,
 author		= {Tobias Oetiker and Hubert Partl and Irene Hyna and Elisabeth Schlegl},
 title 		= {Nie za krótkie wprowadzenie do systemu LaTeX2e. Albo LaTeX2e w 129 minut},
 year 		= {2007},
 month		= {Styczeñ},
 howpublished= {wersja pdf},
 note			= {http://www.tex.ac.uk/ctan/info/lshort/polish/lshort2e.pdf}
}
@manual{Norma,
 author		= {PN-78/N-01222 arkusz 02},
 title 		= {Kompozycja wydawnicza ksi¹¿ki. Tekst g³ówny},
 note 		= {Podzia³, elementy tekstu, cytaty i odwo³ania do innych publikacji}
}

@manual{Manual:12,
 author		= {Autor manuala},
 title 		= {Tytu³ Manuala},
 address 	= "\url{http://www.adres.internetowy.pl}",
 year 		= {2012},
 month 		= {5},
 note 		= {(notatka)}
}
@book{companion:04,
 author = {M{ichel} Goossens and F{rank} Mittelbach and A{lexander} Samarin},
 title = {The {\LaTeX} Companion, 2nd Edition},
 publisher = {Addison-Wesley},
 address = {Boston},
 year = 2004
}
@manual{ams:02,
 author		= {American Mathematical Society},
 title 		= {User's Guide for the amsmath Package},
 address 	= "\url{ftp://ftp.ams.org/pub/tex/doc/amsmath/amsldoc.pdf}",
 year 		= {2002},
 month 		= {2}
}
